@misc{gapps,
    title={OpenGApps.org},
    url={https://opengapps.org/}, 
    journal={The Open GApps Project}
}

@misc{android_graphics,
    title={Graphics : Android Open Source Project}, url={https://source.android.com/devices/graphics}, 
    journal={Android Open Source Project}}
    
@misc{how_web_push_works,
    title={Web Push Notifications - How Push Works},
    url={https://developers.google.com/web/fundamentals/push-notifications/how-push-works}
}